@misc{OWASPSessionFixation,
    author = {OWASP},
    year   = {2020},
    howpublished = {\url{https://owasp.org/www-community/attacks/Session_fixation}}
}
@misc{OWASPSessionManagement,
    author = {OWASP},
    year   = {2020},
    howpublished = {\url{https://cheatsheetseries.owasp.org/cheatsheets/Session_Management_Cheat_Sheet.html}}
}