@inproceedings{prusinkiewicz1996systems,
  title={L-systems: from the theory to visual models of plants},
  author={Prusinkiewicz, Przemyslaw and Hammel, Mark and Hanan, Jim and Mech, Radomir},
  booktitle={Proceedings of the 2nd CSIRO Symposium on Computational Challenges in Life Sciences},
  volume={3},
  pages={1--32},
  year={1996},
  organization={Citeseer}
}
@inproceedings{weber1995rendering,
    author = {Weber, Jason and Penn, Joseph},
    title = {Creation and Rendering of Realistic Trees},
    year = {1995},
    isbn = {0897917014},
    publisher = {Association for Computing Machinery},
    address = {New York, NY, USA},
    url = {https://doi.org/10.1145/218380.218427},
    doi = {10.1145/218380.218427},
    booktitle = {Proceedings of the 22nd Annual Conference on Computer Graphics and Interactive Techniques},
    pages = {119â€“128},
    numpages = {10},
    series = {SIGGRAPH '95}
}
@article{runions2007colonization,
  title={Modeling Trees with a Space Colonization Algorithm.},
  author={Prusinkiewicz, Przemyslaw and Lane, Brendan and Runions, Adam},
  journal={NPH},
  volume={7},
  pages={63--70},
  year={2007}
}
@article{bloomenthal1985modeling,
  title={Modeling the mighty maple},
  author={Bloomenthal, Jules},
  journal={ACM SIGGRAPH Computer Graphics},
  volume={19},
  number={3},
  pages={305--311},
  year={1985},
  publisher={ACM New York, NY, USA}
}