@conference{bagnall20hivecote1,
    author={A. Bagnall and M. Flynn and J. Large and J. Lines and M. Middlehurst},
    title={On the usage and performance of {HIVE-COTE v1.0}},
    booktitle = "proceedings of the 5th Workshop on Advances Analytics and Learning on Temporal Data",
    series = " Lecture Notes in Artificial Intelligence",
    volume="12588",
    year={2020}
}
@article{bagnall2018rotation,
  title={Is rotation forest the best classifier for problems with continuous features?},
  author={Bagnall, A and Flynn, M and Large, J and Line, J and Bostrom, A and Cawley, G},
  journal={arXiv preprint arXiv:1809.06705},
  year={2018}
}