@misc{speedtree,
author          = {{IDV Inc.}},
title           = {SpeedTree – 3D Vegetation Modeling and Middleware},
year            = {2017},
howpublished    = {\url{https://store.speedtree.com/}}
}
@misc{thegrove,
author          = {{F12}},
title           = {3D Tree Growing Software - The Grove},
year            = {2014},
howpublished    = {\url{https://www.thegrove3d.com/}}
}
@misc{colonization,
author          = {Adam, Runions and Brendan, Lane and Przemyslaw, Prusinkiewicz},
title           = {Modeling Trees with a Space Colonization Algorithm},
journal         = {Eurographics Workshop on Natural Phenomena},
year            = {2007},
howpublished    = {\url{http://algorithmicbotany.org/papers/colonization.egwnp2007.large.pdf}}
}
@misc{beautyOfPlants,
author          = {Przemysław, Prusinkiewicz and Aristid, Lindenmayer},
title           = {The Algorithmic Beauty of Plants},
year            = {1990},
howpublished    = {\url{http://algorithmicbotany.org/papers/#abop}}
}