@inproceedings{weber1995rendering,
    author = {Weber, Jason and Penn, Joseph},
    title = {Creation and Rendering of Realistic Trees},
    year = {1995},
    isbn = {0897917014},
    publisher = {Association for Computing Machinery},
    address = {New York, NY, USA},
    url = {https://doi.org/10.1145/218380.218427},
    doi = {10.1145/218380.218427},
    booktitle = {Proceedings of the 22nd Annual Conference on Computer Graphics and Interactive Techniques},
    pages = {119â€“128},
    numpages = {10},
    series = {SIGGRAPH '95}
}
@ARTICLE{weber2008simulation,
    author={J. P. {Weber}},
    journal={IEEE Computer Graphics and Applications}, 
    title={Fast Simulation of Realistic Trees}, 
    year={2008},
    volume={28},
    number={3},
    pages={67-75},
    doi={10.1109/MCG.2008.51}
}
@misc{runions2007colonization,
    author= {Runions, Adam and Lane, Brendan and Prusinkiewicz, Przemyslaw},
    title= {Modeling Trees with a Space Colonization Algorithm},
    journal= {Eurographics Workshop on Natural Phenomena},
    year= {2007}
}
@InProceedings{remolar2004rendering,
    author="Remolar, I. and Rebollo, C. and Chover, M. and Ribelles, J.",
    editor="Bubak, Marian and van Albada, Geert Dick and Sloot, Peter M. A. and Dongarra, Jack",
    title="Real-Time Tree Rendering",
    booktitle="Computational Science - ICCS 2004",
    year="2004",
    publisher="Springer Berlin Heidelberg",
    address="Berlin, Heidelberg",
    pages="173--180",
    isbn="978-3-540-25944-2"
}
@article{wesslen2005real,
  title={Real-time visualization of animated trees},
  author={Wessl{\'e}n, Daniel and Seipel, Stefan},
  journal={The Visual Computer},
  volume={21},
  number={6},
  pages={397--405},
  year={2005},
  publisher={Springer}
}
@inproceedings{candussi2005rendering,
  title={Rendering Realistic Trees and Forests in Real Time.},
  author={Candussi, Alberto and Candussi, Nicola and H{\"o}llerer, Tobias},
  booktitle={Eurographics (Short Presentations)},
  pages={73--76},
  year={2005},
  organization={Citeseer}
}